@STRING(PRA="Phys. Rev. A")
@STRING(PRB="Phys. Rev. B")
@STRING(PRL="Phys. Rev. Lett.")
@STRING(RMP="Rev. Mod. Phys.")
@STRING(STP="J. Phys. C: Solid St. Phys.")
@STRING(CPR="Comp. Phys. Reports")
@STRING(JPA="J. Phys. A")
@STRING(JCP="J. Comp. Phys.")
@STRING(JMP="J. Mech. Phys. Solids")

@ARTICLE{srivastava,
    AUTHOR="G. P. Srivastava",
    TITLE="Broyden's method for self-consistent field convergence acceleration",
    JOURNAL=JPA,
    VOLUME=17,
    YEAR=1984,
    PAGES="L317-L321"
}

@ARTICLE{eyert,
    AUTHOR="V. Eyert",
    TITLE="A comparative study on methods for convergence acceleration of
        iterative vector sequences",
    JOURNAL=JCP,
    VOLUME=124,
    YEAR=1996,
    PAGES="271-285"
}

@ARTICLE{vanderbiltlouie,
    AUTHOR="D. Vanderbilt and S. G. Louie",
    TITLE="Total energies of diamond (111) surface reconstructions by a linear
        combination of atomic orbitals method",
    JOURNAL=PRB,
    VOLUME=30,
    YEAR=1984,
    NUMBER=6118
}

@ARTICLE{blochl,
    AUTHOR="Peter E. Blochl",
    TITLE="Generalized separable potentials for electronic-structure
        calculations",
    JOURNAL=PRB,
    VOLUME=41,
    YEAR=1990,
    NUMBER=5414,
}

@book{elliott,
    AUTHOR = "J. P. Elliott and P. G. Dawber",
    TITLE = "Symmetry in Physics",
    VOLUME = "I",
    YEAR = 1979,
    ADDRESS = "London",
    PUBLISHER = "The Macmillan Press Ltd"
}

@book{DFT,
    AUTHOR = "R. M. Dreizler and E.K.U.Gross",
    TITLE = "Density Functional Theory",
    YEAR = 1990,
    PUBLISHER = "Springer-Verlag"
}



@ARTICLE{donald:apw,
    AUTHOR="A. H. MacDonald and W. E. Pickett and D. D. Koelling",
    TITLE="A linearised relativistic augmented-plane-wave method utilising
        approximate pure spin basis functions",
    JOURNAL=STP,
    VOLUME=13,
    PAGES="2675-83",
    YEAR=1980
}

@ARTICLE{koelling&harmon,
    AUTHOR="D. D. Koelling and B. N. Harmon",
    TITLE="A technique for relativistic spin-polarised calculations",
    JOURNAL=STP,
    VOLUME=10,
    YEAR=1977
}

@ARTICLE{engel,
    AUTHOR="E. Engel and A. Hock and S. Varga",
    TITLE="Relativistic extension of the Troullier-Martins scheme: Accurate
        pseudopotentials for transition-metal elements",
    JOURNAL=PRB,
    VOLUME=63,
    NUMBER=125121,
    YEAR=2001
}

@ARTICLE{bachelet,
    AUTHOR="G. B. Bachelet and M. Schluter",
    TITLE="Relativistic norm-conserving pseudopotentials",
    JOURNAL=PRB,
    VOLUME=25,
    NUMBER=4,
    YEAR=1982
}

@ARTICLE{pickett,
    AUTHOR="W. E. Pickett",
    TITLE="Pseudopotential methods in condensed matter applications",
    JOURNAL=CPR,
    VOLUME=9,
    YEAR=1989,
    PAGES="115-198"
}

@ARTICLE{vackarAEPP1,
    AUTHOR="J. Vackář and M. Hyt\hskip-0.25em'ha and A. Šimůnek ",
    TITLE="All-electron pseudopotentials",
    JOURNAL=PRB,
    VOLUME=58,
    YEAR=1998,
    NUMBER=12712,
}

@ARTICLE{vackarAEPP2,
    AUTHOR="J. Vackář and A. Šimůnek ",
    TITLE="Adaptability and accuracy of all-electron pseudopotentials",
    JOURNAL=PRB,
    VOLUME=67,
    YEAR=2003,
    NUMBER=12712,
}


@book{formanek,
    AUTHOR = "Jiří Formánek",
    TITLE = "Úvod do kvantové teorie",
    VOLUME = "I",
    YEAR = 2004,
    ADDRESS = "Praha",
    PUBLISHER = "Academia"
}

@book{formanek2,
    AUTHOR = "Jiří Formánek",
    TITLE = "Úvod do kvantové teorie",
    VOLUME = "II",
    YEAR = 2004,
    ADDRESS = "Praha",
    PUBLISHER = "Academia"
}

@book{strange,
    AUTHOR = "Paul Strange",
    TITLE = "Relativistic Quantum Mechanics",
    YEAR = 1998,
    PUBLISHER = "Cambridge University Press"
}

@book{sakurai,
    AUTHOR = "J. J. Sakurai",
    TITLE = "Modern Quantum Mechanics",
    YEAR = 1994,
    PUBLISHER = "Addison-Wesley"
}

@book{zabloudil,
    AUTHOR="J. Zabloudil and R. Hammerling and L. Szunyogh and P. Weinberger",
    TITLE="Electron Scattering in Solid Matter",
    YEAR = 2005,
    PUBLISHER = "Springer-Verlag Berlin",
    ISBN="3-540-22524-2"
}

@book{rose,
    AUTHOR="M. E. Rose",
    TITLE="Relativistic Electron Theory",
    YEAR = 1961,
    PUBLISHER = "John Wiley \& Sons, Inc.",
    ADDRESS  = "New York and London",
    ISBN="3-540-22524-2"
}

@unpublished{branson,
    AUTHOR="James Branson",
    TITLE="Quantum Physics",
    YEAR="2003",
    NOTE="University of California, San Diego, 
    \url{http://quantummechanics.ucsd.edu/ph130a/130\_notes/}"
}

@unpublished{kellog,
    AUTHOR="C. B. Kellogg",
    TITLE="An Introduction to Relativistic Electronic Structure Theory in
        Quantum Chemistry",
    YEAR="1996",
    NOTE="Center for Computational Quantum Chemistry, University of Georgia,
    Athens, GA, 
    \url{http://zopyros.ccqc.uga.edu/lec\_top/rltvt/node1.html}"
}

@unpublished{wikidft,
    AUTHOR="Wikipedia",
    TITLE="Density Functional Theory",
    YEAR="2006",
    NOTE="\url{http://en.wikipedia.org/wiki/Density\_functional\_theory}"
}

@MISC{bachelor-thesis,
  author = {Ondřej Čertík},
  title = {Numerical solution of the radial Dirac equation in pseudopotential   construction},
  note = "arXiv:0710.3408 [physics.atom-ph]",
  year = {2007}
}

@book{martin,
    AUTHOR="Richard M. Martin",
    TITLE="Electronic Structure: Basic Theory and Practical Methods",
    YEAR = 2005,
    PUBLISHER = "Cambridge University Press",
    ISBN="0-521-78285-6"
}


@ARTICLE{ortiz1,
    AUTHOR="V. Gavini and J. Knap and K. Bhattacharya and M. Ortiz",
    TITLE="Non-periodic finite-element formulation of orbital-free
        density functional theory",
    JOURNAL=JMP,
    VOLUME=55,
    YEAR=2007,
    PAGES="669-696"
}

@ARTICLE{ortiz2,
    AUTHOR="V. Gavini and K. Bhattacharya and M. Ortiz",
    TITLE="Quasi-continuum orbital-free density-functional theory:
        A route to multi-million atom non-periodic DFT calculation",
    JOURNAL=JMP,
    VOLUME=55,
    YEAR=2007,
    PAGES="697-718"
}

@ARTICLE{pask1,
    AUTHOR="J. E. Pask and P. A. Sterne",
    TITLE="Finite element methods in ab initio electronic structure
        calculations",
    JOURNAL="Modelling Simul. Mater. Sci. Eng.",
    VOLUME=13,
    YEAR=2005,
}

@ARTICLE{pask2,
    AUTHOR="J. E. Pask and P. A. Sterne",
    TITLE="Finite elements in ab initio electronic-structure calculations",
    JOURNAL="Handbook of Materials Modeling, S. Yip (ed.)",
    YEAR=2005,
    PAGES="423",
}

@unpublished{paraview,
    AUTHOR="A. Henderson",
    TITLE="ParaView Guide, A Parallel Visualization Application",
    PUBLISHER="Kitware Inc.",
    YEAR="2007",
    NOTE="\url{http://paraview.org}"
}

@unpublished{gmsh,
    AUTHOR="Christophe Geuzaine and Jean-François Remacle",
    TITLE="Gmsh: a three-dimensional finite element mesh generator with
        built-in pre- and post-processing facilities",
    YEAR="1997-2008",
    NOTE="\url{http://www.geuz.org/gmsh}"
}

@unpublished{geus,
    AUTHOR="R. Geus",
    TITLE="The Jacobi–Davidson algorithm for solving large
        sparse symmetric eigenvalue problems",
    NOTE="Ph.D. Thesis No. 14734, ETH, Zurich, 2002.",
}

@ARTICLE{nist,
    AUTHOR="S. Kotochigova and Z.H. Levine and E.L. Shirley and M.D. Stiles and C.W.  Clark",
    TITLE="Local-density-functional calculations of the energy of atoms",
    JOURNAL=PRA,
    VOLUME=55,
    YEAR=1997,
    PAGES="191-199",
    NOTE="\url{http://physics.nist.gov/PhysRefData/DFTdata/contents.html}"
}
